@book{tanenbaum1997sistemas,
  title={Sistemas Operativos: Diseño e implementación},
  author={Andrew S. Tanenbaum and Albert S. Woodhull},
  year={1997},
  edition={Segunda edición},
  publisher={Prentice Hall},
  location={México},
  translator={Roberto Escalona},
  reviewer={Raymundo Hugo Rangel Gutiérrez},
  institution={Vrije Universiteit, Amsterdam, Países Bajos and Hampshire College, Amherst, Massachusetts}
}

@online{ipc.hdoc,
  title={ipc.h},
  url={https://www.ibm.com/docs/es/aix/7.2?topic=files-ipch-file},
  year={2024},
  month={06},
  day={03},
  organization={IBM},
  urldate={2024-11-01}
}

@online{ftok,
  title={Subrutina ftok},
  url={https://www.ibm.com/docs/es/aix/7.3?topic=f-ftok-subroutine},
  year={2023},
  month={03},
  day={24},
  organization={IBM},
  urldate={2024-11-01}
}

@online{permisosLinux,
  title={Permisos del sistema de archivos en GNU/Linux},
  author={Joel Barrios Dueñas},
  url={https://blog.alcancelibre.org/staticpages/index.php/permisos-sistema-de-archivos},
  year={2016},
  month={09},
  day={07},
  organization={AlcanceLibre},
  urldate={2024-11-01}
}

@online{msgctl,
  title={msgctl(2) — Linux manual page},
  url={https://man7.org/linux/man-pages/man2/msgctl.2.html},
  year={2024},
  month={06},
  day={26},
  author={Linux},
  urldate={2024-11-01}
}

@online{colasLinux,
  title={mq\_overview(7) — Linux manual page},
  url={https://man7.org/linux/man-pages/man7/mq_overview.7.html},
  year={2024},
  month={06},
  day={26},
  urldate={2024-11-01},
  author={Linux}
}

@online{msgsndYErno,
  title={Subrutina msgsnd},
  url={https://www.ibm.com/docs/es/aix/7.3?topic=m-msgsnd-subroutine},
  year={2023},
  month={03},
  day={24},
  author={IBM},
  urldate={2024-11-01}
}

@online{msgrcvYErno,
  title={subrutina msgrcv},
  url={https://www.ibm.com/docs/es/aix/7.3?topic=m-msgrcv-subroutine},
  year={2023},
  month={03},
  day={24},
  author={IBM},
  urldate={2024-11-01}
}

@online{errno,
    title={errno(3) — Linux manual page},
    url={https://man7.org/linux/man-pages/man3/errno.3.html},
    author={Linux},
    urldate={2024-11-01}
}