w@book{tanenbaum1997sistemas,
  title={Sistemas Operativos: Diseño e implementación},
  author={Andrew S. Tanenbaum and Albert S. Woodhull},
  year={1997},
  edition={Segunda edición},
  publisher={Prentice Hall},
  location={México},
  translator={Roberto Escalona},
  reviewer={Raymundo Hugo Rangel Gutiérrez},
  institution={Vrije Universiteit, Amsterdam, Países Bajos and Hampshire College, Amherst, Massachusetts}
}

@online{ipc.hdoc,
  title={ipc.h},
  url={https://www.ibm.com/docs/es/aix/7.2?topic=files-ipch-file},
  year={2024},
  month={06},
  day={03},
  organization={IBM},
  urldate={2024-11-01}
}
