@book{tanenbaum1997sistemas,
  title={Sistemas Operativos: Diseño e implementación},
  author={Andrew S. Tanenbaum and Albert S. Woodhull},
  year={1997},
  edition={Segunda edición},
  publisher={Prentice Hall},
  location={México},
  translator={Roberto Escalona},
  reviewer={Raymundo Hugo Rangel Gutiérrez},
  institution={Vrije Universiteit, Amsterdam, Países Bajos and Hampshire College, Amherst, Massachusetts}
}

@online{NumerosAleatorios,
	author = "Khan Academy",
	title = "Generar números aleatorios",
	url = "https://es.khanacademy.org/computing/ap-computer-science-principles/x2d2f703b37b450a3:simulations/x2d2f703b37b450a3:simulating-randomness/a/generating-random-numbers",
	urldate = "2024-09-29"
}

@online{PS,
	author = "IONOS",
  title = "Comando ps de Linux: para comprobar los procesos en ejecución",
	url = "https://www.ionos.com/es-us/digitalguide/servidores/configuracion/comando-ps-de-linux/",
  year = "2023",
  day = "8",
  month = "11",
	urldate = "2024-09-29",
  shorttitle = "Comando ps"
}

@online{eduardo2022Azar,
	author = "Eduardo Sáenz de Cabezón",
  title = " El azar es imposible (al menos en los ordenadores) | El drama de LOS NÚMEROS ALEATORIOS ",
	url = "https://www.youtube.com/watch?v=RzEjqJHW-NU",
  year = "2022",
  day = "9",
  month = "3",
	urldate = "2024-09-29",
  shorttitle = "El azar es imposible"
}

@online{kilall,
	author = "Linux",
  title = " killall(1) — Linux manual page",
	url = "https://man7.org/linux/man-pages/man1/killall.1.html",
  year = "2023",
  day = "6",
  month = "17",
	urldate = "2024-09-30",
  shorttitle = "Kilall"
}