@book{tanenbaum1997sistemas,
  title={Sistemas Operativos: Diseño e implementación},
  author={Andrew S. Tanenbaum and Albert S. Woodhull},
  year={1997},
  edition={Segunda edición},
  publisher={Prentice Hall},
  location={México},
  translator={Roberto Escalona},
  reviewer={Raymundo Hugo Rangel Gutiérrez},
  institution={Vrije Universiteit, Amsterdam, Países Bajos and Hampshire College, Amherst, Massachusetts}
}
@online{fork_function,
  author       = {The Open Group},
  title        = {fork() - create a new process},
  url          = {https://pubs.opengroup.org/onlinepubs/009696799/functions/fork.html},
  year         = {2004},
  urldate      = {2024-10-12}
}